
@book{Vorlesungsskript,
    title = {Vorlesungsskript Analysis I, ETH Zürich},
    author = {Manfred Einsiedler; Andreas Wieser},
    year = {2018/2019},
}

@book{Vorlesungsnotizen,
    title = {Vorlesungsnotizen Analysis I, ETH Zürich},
    author = {Giovanni Felder},
    year = {2020},
}